@misc{os-project,
Title = {Simple Operating System Project},
howpublished = {\url{http://www.systems.ethz.ch/education/hs11/aos/project/}}
}
@misc{os-project2,
Title = {Simple Operating System Project Pager Milestone},
howpublished = {\url{http://www.systems.ethz.ch/education/hs11/aos/project/m2}}
}
@misc{l4,
Title = {L4 Microkernel Community Page},
howpublished = {\url{http://www.l4hq.org/}}
}
@misc{l4-pistachio,
Title = {L4 Pistachio Microkernel},
howpublished = {\url{http://ertos.nicta.com.au/research/l4/}}
}
@misc{elf,
Title = {Elf File format},
howpublished = {\url{http://en.wikipedia.org/wiki/Executable_and_Linkable_Format/}}
}
@misc{slug,
Title = {NSLU2 Device Information},
howpublished = {\url{http://www.systems.ethz.ch/education/hs11/aos/project/slug}}
}
@manual{slug-manual,
Title = {Intel\textsuperscript{\textregistered} IXP42X Product Line of Network Processors and IXC 1100 Control Plane Processor Developer\'\,s manual},
organization = {Intel Corporation},
month = {March},
year = {2005}
}
@manual{arm-manual,
Title = {ARM Architecture Reference Manual},
organization = {ARM Limited},
edition = {Fifth},
month = {June},
year = {2000}
}
@manual{l4-manual,
Title = {NICTA L4-embedded Kernel Reference Manual},
organization = {National ICT Australia, Embedded Real-Time and Operating Systems Program(ERTOS)},
edition = {Second},
month = {May},
year = {2006}
}
@manual{l4-usermanual,
Title = {L4 User Manual NICTA L4-embedded API},
author = {Ihor Kuz},
organization = {National ICT Australia, Embedded Real-Time and Operating Systems Program(ERTOS)},
edition = {First},
note = {Version 1.11},
month = {October},
year = {2005}
}
@misc{nfs-rfc,
  author={S. Shepler and B. Callaghan and D. Robinson and R. Thurlow and C. Beame and M. Eisler},
  title={NFS protocol},
  series={Request for Comments},
  number={1},
  howpublished={RFC 1},
  publisher={IETF},
  organization={Internet Engineering Task Force},
  year={2003},
  month={April},
  url={http://www.ietf.org/rfc/rfc3530.txt}
}
@book{tanenbaum,
Title = {Operating Systems, Design and Implementation},
author = {Andrew S. Tanenbaum and Albert S. Woodhull},
publisher = {Pearson Education Inc.},
year = {2006},
edition = {Third}
}